% This file was created with JabRef 2.10.
% Encoding: UTF-8


@InProceedings{Lattner:2004:LCF:977395.977673,
  Title                    = {LLVM: A Compilation Framework for Lifelong Program Analysis \& Transformation},
  Author                   = {Lattner, Chris and Adve, Vikram},
  Booktitle                = {Proceedings of the International Symposium on Code Generation and Optimization: Feedback-directed and Runtime Optimization},
  Year                     = {2004},

  Address                  = {Washington, DC, USA},
  Pages                    = {75--},
  Publisher                = {IEEE Computer Society},
  Series                   = {CGO '04},

  Acmid                    = {977673},
  ISBN                     = {0-7695-2102-9},
  Location                 = {Palo Alto, California},
  Url                      = {http://dl.acm.org/citation.cfm?id=977395.977673}
}

@comment{jabref-meta: databaseType:bibtex;}

